
@misc{noauthor_p-nucleo-wb55_nodate,
	title = {P-{NUCLEO}-{WB55} - {Bluetooth} 5 and 802.15.4 {Nucleo} {Pack} including {USB} dongle and {Nucleo}-64 with {STM32WB55} {MCUs}, supports {Arduino} {Uno} {V3} and {ST} morpho connectivity - {STMicroelectronics}},
	url = {https://www.st.com/en/evaluation-tools/p-nucleo-wb55.html},
	abstract = {P-NUCLEO-WB55 - Bluetooth 5 and 802.15.4 Nucleo Pack including USB dongle and Nucleo-64 with STM32WB55 MCUs, supports Arduino Uno V3 and ST morpho connectivity, P-NUCLEO-WB55, STMicroelectronics},
	language = {en},
	urldate = {2022-05-10},
	file = {Snapshot:/home/krzysztof/Zotero/storage/7G5K5VG5/p-nucleo-wb55.html:text/html},
}

@misc{noauthor_x-nucleo-lpm01a_nodate,
	title = {X-{NUCLEO}-{LPM01A} - {STM32} {Power} shield, {Nucleo} expansion board for power consumption measurement ({UM2243}) - {STMicroelectronics}},
	url = {https://www.st.com/en/evaluation-tools/x-nucleo-lpm01a.html},
	abstract = {X-NUCLEO-LPM01A - STM32 Power shield, Nucleo expansion board for power consumption measurement (UM2243), X-NUCLEO-LPM01A, STMicroelectronics},
	language = {en},
	urldate = {2022-05-10},
	file = {Snapshot:/home/krzysztof/Zotero/storage/SGMHM4M8/x-nucleo-lpm01a.html:text/html},
}
